@ARTICLE{Friedman1998,
    author = {Jerome Friedman and Trevor Hastie and Robert Tibshirani},
    title = {Additive Logistic Regression: a Statistical View of Boosting},
    journal = {Annals of Statistics},
    year = {1998},
    volume = {28},
    pages = {2000}
}

@MISC{Freund1997,
    author = {Yoav Freund and Robert E. Schapire},
    title = {A Decision-Theoretic Generalization of on-Line Learning and an Application to Boosting},
    year = {1997}
}

@article{Bartlett2007,
 author = {Bartlett, Peter L. and Traskin, Mikhail},
 title = {AdaBoost is Consistent},
 journal = {J. Mach. Learn. Res.},
 volume = {8},
 month = {December},
 year = {2007},
 issn = {1532-4435},
 pages = {2347--2368},
 numpages = {22},
 acmid = {1314574},
 publisher = {JMLR.org},
}

@article{Viola2004,
  author    = {Paul A. Viola and
               Michael J. Jones},
  title     = {Robust Real-Time Face Detection},
  journal   = {International Journal of Computer Vision},
  volume    = {57},
  number    = {2},
  year      = {2004},
  pages     = {137-154}
}
